@book{boyer2019historia,
  title={Hist{\'o}ria da matem{\'a}tica},
  author={Boyer, Carl B and Merzbach, Uta C},
  year={2019},
  publisher={Editora Blucher}
}

@book{de2002iniciaccao,
  title={Inicia{\c{c}}{\~a}o {\`a} l{\'o}gica matem{\'a}tica},
  author={de Alencar Filho, Edgard},
  year={2002},
  publisher={NBL Editora}
}

@book{de1998introduccao,
	title={Introdu{\c{c}}{\~a}o {\`a} teoria dos n{\'u}meros},
	author={de Oliveira Santos, Jos{\'e} Pl{\'\i}nio},
	year={1998},
	publisher={Instituto de Matem{\'a}tica Pura e Aplicada}
}

@book{lima2000curso,
	title={Curso de An{\'a}lise, vol. 1},
	author={Lima, Elon Lages},
	year={2000}
}

@book{landau2002teoria,
	title={Teoria elementar dos n{\'u}meros},
	author={Landau, Edmund},
	year={2002},
	publisher={Ci{\^e}ncia Moderna}
}

@article{primospasseios,
	title={Teoria dos n{\'u}meros: um passeio com primos e outros n{\'u}meros familiares pelo mundo inteiro},
	author={Fabio Brochero, Carlos Gustavo T. de A. Moreira, Nicolau C. Saldanha, Eduardo Tengan},
	year = {2011}
	publisher={Instituto de Matem{\'a}tica Pura e Aplicada}
}